<?xml version="1.0" encoding="UTF-8"?><collection xmlns="http://www.loc.gov/MARC21/slim"><record><leader>00434nam--2200157-i-4500</leader><controlfield tag="001">000015295</controlfield><controlfield tag="002">20161230</controlfield><controlfield tag="005">20170225183322</controlfield><controlfield tag="008">060222s1000------------r-----000-0-eng-d</controlfield><datafield ind1=" " ind2=" " tag="100"><subfield code="a">Dumitrascu, Liviu</subfield></datafield><datafield ind1=" " ind2=" " tag="245"><subfield code="a">Elemente de inteligenta artificiala pentru conducerea operativa a productiei</subfield></datafield><datafield ind1=" " ind2=" " tag="260"><subfield code="a">Bucuresti</subfield><subfield code="b">Ed.Acad.Rsr</subfield><subfield code="c">1983</subfield></datafield><datafield ind1=" " ind2=" " tag="300"><subfield code="a">219 p</subfield></datafield><datafield ind1=" " ind2=" " tag="700"><subfield code="a">Gutu, Stelian</subfield></datafield><datafield ind1=" " ind2=" " tag="852"><subfield code="a">007:65</subfield></datafield><datafield ind1=" " ind2=" " tag="CAT"><subfield code="a">SYS</subfield><subfield code="c">20170225</subfield><subfield code="h">183322</subfield></datafield></record></collection>